@misc{ising,
  author = {Kurt Binder},
  title = {Ising model},
  howpublished = {\url{https://encyclopediaofmath.org/index.php?title=Ising_model}},
  year = 2001,
}

@inproceedings{Radford2018ImprovingLU,
  title={Improving Language Understanding by Generative Pre-Training},
  author={A. Radford},
  year={2018}
}

@book{BornWolf:1999:Book,
  added-at = {2009-05-17T11:48:37.000+0200},
  asin = {0521642221},
  author = {Born, Max and Wolf, Emil},
  biburl = {https://www.bibsonomy.org/bibtex/26d133af442b7a40e9771e197b4e0965a/krisrowland},
  description = {Amazon.com: Principles of Optics: Electromagnetic Theory of Propagation, Interference and Diffraction of Light (7th Edition): Max Born, Emil Wolf: Books},
  dewey = {535},
  ean = {9780521642224},
  edition = {7th},
  interhash = {72fc3ff76b2bb3a293a5f4cffe818dbe},
  intrahash = {6d133af442b7a40e9771e197b4e0965a},
  isbn = {0521642221},
  keywords = {optics},
  publisher = {Cambridge University Press},
  timestamp = {2009-05-17T11:48:37.000+0200},
  title = {Principles of Optics: Electromagnetic Theory of Propagation, Interference and Diffraction of Light (7th Edition)},
  url = {http://www.amazon.com/Principles-Optics-Electromagnetic-Propagation-Interference/dp/0521642221%3FSubscriptionId%3D13CT5CVB80YFWJEPWS02%26tag%3Dws%26linkCode%3Dxm2%26camp%3D2025%26creative%3D165953%26creativeASIN%3D0521642221},
  year = 1999
}

@article{PhysRevLett.59.381,
  title = {Self-organized criticality: An explanation of the 1/f noise},
  author = {Bak, Per and Tang, Chao and Wiesenfeld, Kurt},
  journal = {Phys. Rev. Lett.},
  volume = {59},
  issue = {4},
  pages = {381--384},
  numpages = {0},
  year = {1987},
  month = {Jul},
  publisher = {American Physical Society},
  doi = {10.1103/PhysRevLett.59.381},
  url = {https://link.aps.org/doi/10.1103/PhysRevLett.59.381}
}

@book{schrodinger1962life,
  title={What is Life?: The Physical Aspect of the Living Cell},
  author={Schr{\"o}dinger, E.},
  url={https://books.google.co.jp/books?id=jmULAQAAIAAJ},
  year={1962},
  publisher={University Press}
}

@article{brochini2016phase,
    title={Phase transitions and self-organized criticality in networks of stochastic spiking neurons},
    author={L. Brochini and A. A. Costa and M. Abadi},
    year={2016},
    eprint={1606.06391},
    archivePrefix={arXiv},
    primaryClass={nlin.AO}
}